% Encoding: UTF-8

@Misc{cnet-google-crowdsourcing,
	author        = {Stephen Shankland},
	title         = {New Crowdsource app lets you work for Google for free},
	howpublished  = {CNet},
	year          = {2016},
	date-added    = {2016-07-29 15:20:00 -0700},
	keywords      = {magazine},
	url           = {https://www.cnet.com/news/new-crowdsource-app-lets-you-work-for-google-for-free/},
	urlaccessdate = {24 jan. 2017},
}
